<?xml version="1.0" encoding="UTF-8"?><collection xmlns="http://www.loc.gov/MARC21/slim"><record><leader>00345nam--2200133-i-4500</leader><controlfield tag="001">000023265</controlfield><controlfield tag="002">20161230</controlfield><controlfield tag="005">20161230201034</controlfield><controlfield tag="008">060222s1000------------r-----000-0-eng-d</controlfield><datafield ind1=" " ind2=" " tag="080"><subfield code="a">53.002</subfield></datafield><datafield ind1=" " ind2=" " tag="100"><subfield code="a">Harris, Norman C</subfield></datafield><datafield ind1=" " ind2=" " tag="245"><subfield code="a">Experimants in applied physics</subfield></datafield><datafield ind1=" " ind2=" " tag="260"><subfield code="a">New York, Mcgraw-hill Book Company, 1972. Viii + 304 P</subfield></datafield><datafield ind1=" " ind2=" " tag="852"><subfield code="a">39257</subfield></datafield></record></collection>